<record><leader>00000cas a22000007a 4500</leader><controlfield tag="001">24054319</controlfield><controlfield tag="008">910711d183u18uuncuwr ne      0    0eng d</controlfield><datafield ind1=" " ind2=" " tag="010"><subfield code="a">sn 91068057 </subfield></datafield><datafield ind1=" " ind2=" " tag="040"><subfield code="a">NVJ</subfield><subfield code="b">eng</subfield><subfield code="c">NVJ</subfield><subfield code="d">FUG</subfield><subfield code="d">NVJ</subfield><subfield code="d">OCL</subfield><subfield code="d">OCLCQ</subfield><subfield code="d">OCLCF</subfield><subfield code="d">OCLCO</subfield></datafield><datafield ind1=" " ind2=" " tag="042"><subfield code="a">msc</subfield></datafield><datafield ind1=" " ind2=" " tag="043"><subfield code="a">n-us-nc</subfield></datafield><datafield ind1="0" ind2="0" tag="245"><subfield code="a">North-Carolina miscellany.</subfield></datafield><datafield ind1=" " ind2=" " tag="260"><subfield code="a">Edenton [N.C.] :</subfield><subfield code="b">Theo J. Bland</subfield></datafield><datafield ind1=" " ind2=" " tag="300"><subfield code="a">v.</subfield></datafield><datafield ind1=" " ind2=" " tag="310"><subfield code="a">Weekly</subfield></datafield><datafield ind1=" " ind2=" " tag="588"><subfield code="a">Description based on: Vol. 2, no. 3 (Feb. 20, 1833).</subfield></datafield><datafield ind1=" " ind2="0" tag="651"><subfield code="a">Edenton (N.C.)</subfield><subfield code="v">Newspapers.</subfield></datafield><datafield ind1=" " ind2="0" tag="651"><subfield code="a">Chowan County (N.C.)</subfield><subfield code="v">Newspapers.</subfield></datafield><datafield ind1=" " ind2="7" tag="655"><subfield code="a">Newspapers.</subfield><subfield code="2">fast</subfield><subfield code="0">(OCoLC)fst01423814</subfield></datafield><datafield ind1=" " ind2="7" tag="651"><subfield code="a">North Carolina</subfield><subfield code="z">Chowan County.</subfield><subfield code="2">fast</subfield><subfield code="0">(OCoLC)fst01218237</subfield></datafield><datafield ind1=" " ind2="7" tag="651"><subfield code="a">North Carolina</subfield><subfield code="z">Edenton.</subfield><subfield code="2">fast</subfield><subfield code="0">(OCoLC)fst01220051</subfield></datafield><datafield ind1=" " ind2=" " tag="752"><subfield code="a">United States</subfield><subfield code="b">North Carolina</subfield><subfield code="c">Chowan</subfield><subfield code="d">Edenton.</subfield></datafield><datafield ind1="0" ind2="0" tag="780"><subfield code="t">Carolina miscellany</subfield><subfield code="w">(DLC)sn 84020734</subfield></datafield></record>